%مراجع خود را در این قسمت وارد کنید.
% دستوری برای کوچک کردن اندازه فونت‌ها 
%یک مثال را در زیر می‌بینید.
@article{bidabad,
  title={Design and implementation of vehicle tracking system using GPS/GSM/GPRS technology and smartphone application},
  author={Bidabad, Behroz and Tayebi, Akbar},
  journal={arXiv preprint arXiv:0710.2816},
  year={2014}
}
@article{one,
	title={Design and implementation of vehicle tracking system using GPS/GSM/GPRS technology and smartphone application},
	author={SeokJu Lee, Girma Tewolde, Jaerock KwonBidabad},
	journal={arXiv preprint arXiv:0710.2816},
	year={2014}
}
@article{Lee2014,
	year = {2014},
	month = {mar},
	publisher = {{IEEE}},
	author = {SeokJu Lee and Girma Tewolde and Jaerock Kwon},
	title = {Design and implementation of vehicle tracking system using {GPS}/{GSM}/{GPRS} technology and smartphone application},
	booktitle = {2014 {IEEE} World Forum on Internet of Things ({WF}-{IoT})}
}
@book{aa,
  title={هندسه‌ی منیفلد},
  author={دکتر بهروز بیدآباد},
  publisher={دانشگاه صنعتی امیرکبیر},
  year={1389},
 LANGUAGE ={Persian}
}

@article{najafi2008finsler,
  title={Finsler metrics of scalar flag curvature with special non-Riemannian curvature properties},
  author={Najafi, B and Shen, Z and Tayebi, A},
  journal={Geometriae Dedicata},
  volume={131},
  number={1},
  pages={87--97},
  year={2008},
  publisher={Springer}
}
@book{najafi,
  title={هندسه‌ی منیفلد},
  author={دکتر بهزاد نجفی},
  publisher={دانشگاه صنعتی امیرکبیر},
  year={1388},
 LANGUAGE ={Persian}
}
@book{zakeri,
  title={دستورالعمل و راهنمای نگارش پایان‌نامه},
  author={مهندس محمدرضا ذاکری},
  publisher={دانشگاه صنعتی امیرکبیر},
  year={1391},
 LANGUAGE ={Persian}
}